@book{russell2010artificial,
  title={{A}rtificial {I}ntelligence: {A} {M}odern {A}pproach},
  author={Russell, S.J. and Norvig, P.},
  isbn={9780136042594},
  lccn={2011288031},
  series={Prentice Hall series in artificial intelligence},
  year={2010},
  publisher={Prentice Hall}
}

@inproceedings{greene2006practical,
  title={Practical solutions to the problem of diagonal dominance in kernel document clustering},
  author={Greene, Derek and Cunningham, P{\'a}draig},
  booktitle={Proceedings of the 23rd international conference on Machine learning},
  pages={377--384},
  year={2006},
  organization={ACM}
}