@book{russell2010artificial,
  title={{A}rtificial {I}ntelligence: {A} {M}odern {A}pproach},
  author={Russell, S.J. and Norvig, P.},
  isbn={9780136042594},
  lccn={2011288031},
  series={Prentice Hall series in artificial intelligence},
  year={2010},
  publisher={Prentice Hall}
}
